@inproceedings{Norell2009,
 author = {Norell, Ulf},
 title = {Dependently Typed Programming in Agda},
 booktitle = {Proceedings of the 4th International Workshop on Types in Language Design and Implementation},
 series = {TLDI '09},
 year = {2009},
 isbn = {978-1-60558-420-1},
 location = {Savannah, GA, USA},
 pages = {1--2},
 numpages = {2},
 url = {http://doi.acm.org/10.1145/1481861.1481862},
 doi = {10.1145/1481861.1481862},
 acmid = {1481862},
 publisher = {ACM},
 address = {New York, NY, USA},
 keywords = {dependent types, programming},
} 

@article{Benke:2003,
 author = {Benke, Marcin and Dybjer, Peter and Jansson, Patrik},
 title = {Universes for Generic Programs and Proofs in Dependent Type Theory},
 journal = {Nordic J. of Computing},
 issue_date = {December 2003},
 volume = {10},
 number = {4},
 month = dec,
 year = {2003},
 issn = {1236-6064},
 pages = {265--289},
 numpages = {25},
 url = {http://dl.acm.org/citation.cfm?id=985799.985801},
 acmid = {985801},
 publisher = {Publishing Association Nordic Journal of Computing},
 address = {Finland},
 keywords = {algebraic specifications, dependent types, generic programming, inductive definitions, martin-L\"{o}f type theory, polytypic programming},
} 

@inproceedings{Morris:2004,
 author = {Morris, Peter and Altenkirch, Thorsten and McBride, Conor},
 title = {Exploring the Regular Tree Types},
 booktitle = {Proceedings of the 2004 International Conference on Types for Proofs and Programs},
 series = {TYPES'04},
 year = {2006},
 isbn = {3-540-31428-8, 978-3-540-31428-8},
 location = {Jouy-en-Josas, France},
 pages = {252--267},
 numpages = {16},
 url = {http://dx.doi.org/10.1007/11617990_16},
 doi = {10.1007/11617990_16},
 acmid = {2150525},
 publisher = {Springer-Verlag},
 address = {Berlin, Heidelberg},
}

@Inbook{Lee2012,
author="Lee, Gyesik
and Oliveira, Bruno C. D. S.
and Cho, Sungkeun
and Yi, Kwangkeun",
title="GMeta: A Generic Formal Metatheory Framework for First-Order Representations",
bookTitle="Programming Languages and Systems: 21st European Symposium on Programming, ESOP 2012, Held as Part of the European Joint Conferences on Theory and Practice of Software, ETAPS 2012, Tallinn, Estonia, March 24 - April 1, 2012. Proceedings",
year="2012",
publisher="Springer Berlin Heidelberg",
address="Berlin, Heidelberg",
pages="436--455",
isbn="978-3-642-28869-2",
doi="10.1007/978-3-642-28869-2_22",
url="http://dx.doi.org/10.1007/978-3-642-28869-2_22"
}

@book{bar:84,
  author = {H. P. Barendregt},
  title = {The Lambda Calculus Its Syntax and Semantics},
  publisher = {North Holland},
  year = {1984},
  volume = {103},
  isbn={9780080933757},
  series={Studies in Logic and the Foundations of Mathematics},
  edition = {Revised},
}

@book{Hindley:2008,
 author = {Hindley, J. Roger and Seldin, Jonathan P.},
 title = {Lambda-Calculus and Combinators: An Introduction},
 year = {2008},
 isbn = {0521898854, 9780521898850},
 edition = {2},
 publisher = {Cambridge University Press},
 address = {New York, NY, USA},
} 

@article{TAKAHASHI1995120,
title = "Parallel Reductions in λ-Calculus",
journal = "Information and Computation",
volume = "118",
number = "1",
pages = "120 - 127",
year = "1995",
note = "",
issn = "0890-5401",
doi = "http://dx.doi.org/10.1006/inco.1995.1057",
url = "http://www.sciencedirect.com/science/article/pii/S0890540185710577",
author = "M. Takahashi",
}

@article{VestergaardB03,
  author    = {Ren{\'{e}} Vestergaard and
               James Brotherston},
  title     = {A formalised first-order confluence proof for the -calculus using
               one-sorted variable names},
  journal   = {Inf. Comput.},
  volume    = {183},
  number    = {2},
  pages     = {212--244},
  year      = {2003}
}

@InCollection{PfeiferRuess:WGP98,
    author    = "H. Pfeifer and H. Ruess",
    title     = "Polytypic Abstraction in Type Theory",
    booktitle = "Workshop on Generic Programming (WGP'98)",
    location  = "Marstrand, Sweden",
    month     = "June",
    publisher = "Dept. of Computing Science, Chalmers Univ. of Technology, 
                 and Göteborg Univ.",
    editor    = "Roland Backhouse and Tim Sheard",
    url       = "http://www.cs.uu.nl/people/johanj/programme_wgp98.html",
    year      = "1998"
}

@incollection{Bove:2009,
 author = {Bove, Ana and Dybjer, Peter},
 chapter = {Dependent Types at Work},
 title = {Language Engineering and Rigorous Software Development},
 editor = {Bove, Ana and Barbosa, Lu\'{\i}s Soares and Pardo, Alberto and Pinto, Jorge Sousa},
 year = {2009},
 isbn = {978-3-642-03152-6},
 pages = {57--99},
 numpages = {43},
 url = {http://dx.doi.org/10.1007/978-3-642-03153-3_2},
 doi = {10.1007/978-3-642-03153-3_2},
 acmid = {1614480},
 publisher = {Springer-Verlag},
 address = {Berlin, Heidelberg},
} 

@INPROCEEDINGS{Dybjer91inductivesets,
    author = {Peter Dybjer},
    title = {Inductive Sets and Families in Martin-Löf's Type Theory and Their Set-Theoretic Semantics},
    booktitle = {Logical Frameworks},
    year = {1991},
    pages = {280--306},
    publisher = {Cambridge University Press}
}

@inproceedings{Cheney,
    author = {Cheney, James},
    booktitle = {ICFP 2005},
    citeulike-article-id = {333541},
    citeulike-linkout-0 = {http://homepages.inf.ed.ac.uk/jcheney/programs/freshlib/},
    citeulike-linkout-1 = {http://portal.acm.org/citation.cfm?id=1086365.1086389},
    citeulike-linkout-2 = {http://dx.doi.org/10.1145/1086365.1086389},
    doi = {10.1145/1086365.1086389},
    isbn = {1-59593-064-7},
    keywords = {alpha-equivalence, bindings, boilerplate, fresh-names, generics, syb},
    pages = {180--191},
    posted-at = {2010-02-13 12:58:55},
    priority = {2},
    publisher = {ACM},
    title = {{Scrap your Nameplate (Functional Pearl)}},
    url = {http://homepages.inf.ed.ac.uk/jcheney/programs/freshlib/},
    year = {2005}
}

@article{ShinwellPG03,
  author    = {Mark R. Shinwell and
               Andrew M. Pitts and
               Murdoch James Gabbay},
  title     = {FreshML: programming with binders made simple},
  journal   = {{SIGPLAN} Notices},
  volume    = {38},
  number    = {9},
  pages     = {263--274},
  year      = {2003},
  url       = {http://doi.acm.org/10.1145/944746.944729},
  doi       = {10.1145/944746.944729},
  timestamp = {Fri, 30 Apr 2010 14:05:42 +0200},
  biburl    = {http://dblp.uni-trier.de/rec/bib/journals/sigplan/ShinwellPG03},
  bibsource = {dblp computer science bibliography, http://dblp.org}
}

@article{SHINWELL200653,
title = "Fresh O'Caml: Nominal Abstract Syntax for the Masses",
journal = "Electronic Notes in Theoretical Computer Science",
volume = "148",
number = "2",
pages = "53 - 77",
year = "2006",
note = "",
issn = "1571-0661",
doi = "http://dx.doi.org/10.1016/j.entcs.2005.11.040",
url = "http://www.sciencedirect.com/science/article/pii/S1571066106001265",
author = "Mark R. Shinwell",
keywords = "Names",
keywords = "name binding",
keywords = "alpha-conversion",
keywords = "metaprogramming"
}

@inproceedings{licata-harper-09,
  author = {Daniel R. Licata and Robert Harper},
  title = {A universe of binding and computation},
  booktitle = {International Conference on Functional Programming
                 (ICFP)},
  month = sep,
  year = {2009},
  pages = {123--134},
  url = {http://www.cs.cmu.edu/~drl/pubs/lh09unibind/lh09unibind.pdf}
}

@MastersThesis{Keuchel,
    author     =     {Steven Keuchel},
    title     =     {Generic Programming with Binders and Scope},
    school     =     {Universiteit Ultrecht},
    address     =     {the Netherlands},
    year     =     {2011},
}

@book{MR769301,
    AUTHOR = {Martin-L{\"o}f, Per},
     TITLE = {Intuitionistic type theory},
    SERIES = {Studies in Proof Theory. Lecture Notes},
    VOLUME = {1},
      NOTE = {Notes by Giovanni Sambin},
 PUBLISHER = {Bibliopolis, Naples},
      YEAR = {1984},
     PAGES = {iv+91},
      ISBN = {88-7088-105-9},
   MRCLASS = {03B15 (03F50 03F55)},
  MRNUMBER = {769301 (86j:03005)},
MRREVIEWER = {M. M. Richter},
}

@book{Pierce:2002,
 author = {Pierce, Benjamin C.},
 title = {Types and Programming Languages},
 year = {2002},
 isbn = {0262162091, 9780262162098},
 edition = {1st},
 publisher = {The MIT Press},
} 

@article{YOSHIDA200773,
title = "Language Primitives and Type Discipline for Structured Communication-Based Programming Revisited: Two Systems for Higher-Order Session Communication",
journal = "Electronic Notes in Theoretical Computer Science",
volume = "171",
number = "4",
pages = "73 - 93",
year = "2007",
note = "",
issn = "1571-0661",
doi = "http://dx.doi.org/10.1016/j.entcs.2007.02.056",
url = "http://www.sciencedirect.com/science/article/pii/S1571066107004239",
author = "Nobuko Yoshida and Vasco T. Vasconcelos",
keywords = "Pi-Calculus",
keywords = "Session Types",
keywords = "Protocol Analysis",
keywords = "Subject Reduction Theorem",
keywords = "Type Safety",
keywords = "Rewriting System"
}

